@article{robustlowrank,
    title = {A robust and conservative dynamical low-rank algorithm},
    journal = {Journal of Computational Physics},
    volume = {484},
    pages = {112060},
    year = {2023},
    issn = {0021-9991},
    doi = {https://doi.org/10.1016/j.jcp.2023.112060},
    author = {Lukas Einkemmer and Alexander Ostermann and Carmela Scalone}
}

@article{lowrank,
    author = {Koch, Othmar and  Lubich, Christian},
    title = {Dynamical Low‚ÄêRank Approximation},
    journal = {SIAM Journal on Matrix Analysis and Applications},
    volume = {29},
    number = {2},
    pages = {434-454},
    year = {2007},
    doi = {10.1137/050639703},
    URL = {https://doi.org/10.1137/050639703}
}

@article{Cassini_2022,
   title={Efficient 6D Vlasov simulation using the dynamical low-rank framework Ensign},
   volume={280},
   ISSN={0010-4655},
   url={http://dx.doi.org/10.1016/j.cpc.2022.108489},
   DOI={10.1016/j.cpc.2022.108489},
   journal={Computer Physics Communications},
   publisher={Elsevier BV},
   author={Cassini, Fabio and Einkemmer, Lukas},
   year={2022},
   pages={108489} 
}

@misc{einkemmer2018,
    title={A low-rank projector-splitting integrator for the Vlasov--Poisson equation}, 
    author={Lukas Einkemmer and Christian Lubich},
    year={2018},
    eprint={1801.01103},
    url={https://arxiv.org/abs/1801.01103}, 
}